@book{Wechsler1944,
address = {Baltimore},
author = {Wechsler, David},
edition = {3},
publisher = {The Williams and Wilkins Company},
title = {{The measurement of adult intelligence}},
year = {1944}
}
@article{Thurstone1940,
author = {Thurstone, Louis L.},
journal = {Psychological Bulletin},
number = {4},
pages = {189--236},
title = {{Current Issues in Factor Analysis}},
volume = {37},
year = {1940}
}
@article{Spearman1904,
author = {Spearman, C.},
doi = {10.2307/1412107},
isbn = {0002-9556},
issn = {00029556},
journal = {The American Journal of Psychology},
month = {apr},
number = {2},
pages = {201},
title = {{"General Intelligence," Objectively Determined and Measured}},
url = {https://www.jstor.org/stable/1412107?origin=crossref},
volume = {15},
year = {1904}
}
